% So sieht der Biblatex Eintrag für eine Abschlussarbeit aus:
@BOOK{handbook_adhesives,
  editor =       {Satas, D.},
  TITLE =        {Handbook of pressure sensitive adhesive technology},
  PUBLISHER =    {Van Nostrand Reinhold},
  YEAR =         {1989},
  address =      {New York},
  edition =      {2nd},
}


% Ein in einem Journal veröffentlichter Artikel (Paper):
@article{pdg,
      author         = "Beringer, J. and others",
      title          = "{Review of Particle Physics (RPP)}",
      collaboration  = "Particle Data Group",
      journal        = "Phys.Rev.",
      volume         = "D86",
      pages          = "010001",
      doi            = "10.1103/PhysRevD.86.010001",
      year           = "2012",
      SLACcitation   = "%%CITATION = PHRVA,D86,010001;%%",
}

@ARTICLE{einstein,
  author = {Einstein, A.},
  title = {A Generalization of the relativistic theory of Gravitation},
  journal = {Annals of Mathematics},
  year = {1945},
  volume = {46},
  pages = {578-584},
  number = {4}
  }

% eine Internet Quelle
@MANUAL{siunitx,
    title   = {siunitx - A comprehensive (SI) units package},
    url = {http://mirror.selfnet.de/tex-archive/macros/latex/contrib/siunitx/siunitx.pdf},
    date = {2013},
    author = {Wright, Joseph}
}
@MANUAL{biblatex,
    title   = {The Biblatex Package},
    subtitle = {Programmable Bibliographies and Citations},
    url = {ftp://ftp.fu-berlin.de/tex/CTAN/macros/latex/contrib/biblatex/doc/biblatex.pdf},
    date = {2014},
    author = {Lehman, Philipp and others}
}
@ELECTRONIC{make,
    title   = {Gnu-Make Homepage},
    url = {http://www.gnu.org/software/make/},
    date = {2014},
}
@ELECTRONIC{gitbash,
    title   = {Git Bash - Download},
    url = {http://msysgit.github.io/},
    date = {2014},
}
@ELECTRONIC{texmaker,
    title   = {Texmaker},
    subtitle =  {The universal LaTeX editor, Downloads},
    url = {http://www.xm1math.net/texmaker/download.html},
    date = {2014},
}
@online{ckm,
  title = "CKM Quark-Mixing-Matrix",
  url = "http://pdg.lbl.gov/2019/reviews/rpp2018-rev-ckm-matrix.pdf",
  urldate = "2019-06-24"
}
@inproceedings{btag1,
      author         = "Lehmacher, Marc",
      title          = "{b-Tagging Algorithms and their Performance at ATLAS}",
      booktitle      = "{Proceedings, 34th International Conference on High
                        Energy Physics (ICHEP 2008): Philadelphia, Pennsylvania,
                        July 30-August 5, 2008}",
      url            = "http://weblib.cern.ch/abstract?ATL-PHYS-PROC-2008-052",
      year           = "2008",
      eprint         = "0809.4896",
}
% pythia
@article{jerdmannTagger,
      author         = "Erdmann, Johannes",
      title          = "{A tagger for strange jets based on tracking information
                        using long short-term memory}",
      year           = "2019",
      eprint         = "1907.07505",
      archivePrefix  = "arXiv",
}
@online{alphas,
  title = "Physical Constants",
  url = "http://pdg.lbl.gov/2019/mobile/reviews/pdf/rpp2018-rev-phys-constants-m.pdf",
  urldate = "2019-08-11"
}
@online{rootyboy,
  title = "ROOT, Data Analysis Framework",
  url = "https://root.cern/",
  urldate = "2019-08-11"
}
######################### hier master quellen #######################
@online{facilityCERN,
  title = "A diagram showing the complete structure of the LHC facility at CERN",
  url = "https://www.researchgate.net/figure/A-diagram-showing-the-complete-structure-of-the-LHC-facility-at-CERN-There-are-the-4_fig8_348806406",
  urldate = "2022-03-09"
}
@online{facilityLHCb,
  title = "A cross-section showing the LHCb detector’s main elements",
  url = "https://cerncourier.com/a/lhcbs-momentous-metamorphosis/",
  urldate = "2022-03-09"
}

# hiervon die genaue quelle herausfinden
@online{lhcbInfo,
  title = "The LHCb Detector at the LHC",
  url = "https://cds.cern.ch/record/1129809/files/jinst8_08_s08005.pdf",
  urldate = "2022-03-09"
}
@online{lhcInfo,
  title = "LHC Machine",
  url = "https://cds.cern.ch/record/1129806/files/jinst8_08_s08001.pdf",
  urldate = "2022-03-09"
}
@online{scifiInfo,
  title = "LHCb Tracker Upgrade
Technical Design Report",
  url = "https://cds.cern.ch/record/1647400/files/LHCB-TDR-015.pdf",
  urldate = "2022-03-09"
}
